@Book{Golkorozhi18,
 author = {Nina, Golyandina and Anton, Korobeynikov and Anatoly, Zhigljavsky},
 title = {Singular Spectrum Analysis with R},
 publisher = {Springer},
 year = {2018},
 language = {english}
}

@Book{Golyandina04,
 author = {Н. Э. Голяндина},
 title = {Метод <<Гусеница>>-SSA: анализ временных рядов: Учеб. пособие.},
 publisher = {ВММ},
 address = {Санкт-Петербург},
 year = {2004},
 language = {russian}
}

@mastersthesis{Tretyakova20,
 author = {А. Л. Третьякова},
 title = {Робастные варианты метода анализа сингулярного спектра},
 school = {науч. рук. к. ф.-м. н., доцент Н. Э. Голяндина},
 year = {2020},
 language = {russian}
}

@conference{KeKanade,
	author = {Qifa Ke and Takeo Kanade},
	title = {Robust {L}1 Norm Factorization in the Presence of Outliers and Missing Data by Alternative Convex Programming},
	booktitle = {Proceedings of IEEE Conference on Computer Vision and Pattern Recognition (CVPR 2005)},
	year = {2005},
	month = {June},
}

@article{Chen,
	author = {Chen, Ke and Sacchi, Mauricio},
	year = {2015},
	month = {01},
	pages = {V1-V11},
	title = {Robust reduced-rank filtering for erratic seismic noise attenuation},
	volume = {80},
	journal = {GEOPHYSICS},
	doi = {10.1190/geo2014-0116.1}
}

@article{IRLS,
	author = {Belloch, Jose A. and Bank, Balázs and Igual, Francisco D. and Quintana-Ortí, Enrique S. and Vidal, Antonio M.},
	year = {2017},
	month = {01},
	pages = {530-542},
	title = {Solving Weighted Least Squares (WLS) problems on ARM-based architectures},
	volume = {71},
	journal = {The Journal of Supercomputing},
	doi = {10.1007/s11227-016-1910-9}
}

@article{IRLS,
	author = {Belloch, Jose A. and Bank, Balázs and Igual, Francisco D. and Quintana-Ortí, Enrique S. and Vidal, Antonio M.},
	year = {2017},
	month = {01},
	pages = {530-542},
	title = {Solving Weighted Least Squares (WLS) problems on ARM-based architectures},
	volume = {71},
	journal = {The Journal of Supercomputing},
	doi = {10.1007/s11227-016-1910-9}
}

@unpublished{BrooksJot2012,
	title = {pcaL1: An Implementation in R of Three Methods for L1-Norm Principal Component Analysis},
	author = {Brooks, J. Paul and Jot, Sapan},
	year = {2012},
	note = {unpublished}
}

@article{l1pca,
	author = {Tsagkarakis ,N. and Markopoulos, P. P.and Sklivanitis, G. and Pados, D. A.},
	year = {2018},
	month = {06},
	title = {L1-Norm Principal-Component Analysis of Complex Data},
	journal = {IEEE Transactions on Signal Processing},
	
}