@Book{Golyandina04,
 author = {Н. Голяндина},
 title = {Метод <<Гусеница>>-SSA: анализ временных рядов: Учеб. пособие.},
 publisher = {ВММ},
 address = {Санкт-Петербург},
 year = {2004},
 language = {russian}
}

@thesis{Tretyakova20,
 author = {А. Третьякова},
 title = {Робастные варианты метода анализа сингулярного спектра},
 type = {магистерская работа},
 school = {Санкт-Петербургский Государственный Университет},
 address = {Санкт-Петербург},
 year = {2020},
 language = {russian}
}

@conference{KeKanade,
	author = {K. Qifa and K. Takeo},
	title = {Robust {L}1 Norm Factorization in the Presence of Outliers and Missing Data by Alternative Convex Programming},
	booktitle = {Proceedings of IEEE Conference on Computer Vision and Pattern Recognition (CVPR 2005)},
	year = {2005},
	month = {June},
}

@article{Chen,
	author = {K. Chen and M. Sacchi},
	year = {2015},
	month = {01},
	pages = {V1-V11},
	title = {Robust reduced-rank filtering for erratic seismic noise attenuation},
	volume = {80},
	journal = {GEOPHYSICS},
	doi = {10.1190/geo2014-0116.1}
}

@article{IRLS,
	author = {J. Belloch and B. Bank and F. Igual and E. Quintana-Ortí and A. Vidal},
	year = {2017},
	month = {01},
	pages = {530-542},
	title = {Solving Weighted Least Squares (WLS) problems on ARM-based architectures},
	volume = {71},
	journal = {The Journal of Supercomputing},
	doi = {10.1007/s11227-016-1910-9}
}

@unpublished{BrooksJot2012,
	title = {pcaL1: An Implementation in R of Three Methods for L1-Norm Principal Component Analysis},
	author = {J. P. Brooks and S. Jot},
	year = {2012},
	note = {unpublished}
}

@article{l1pca,
	author = {N. Tsagkarakis and P. Markopoulos and G. Sklivanitis and D. Pados},
	year = {2018},
	month = {06},
	title = {L1-Norm Principal-Component Analysis of Complex Data},
	journal = {IEEE Transactions on Signal Processing}
}

@unpublished{NekrutkinPerp,
	title = {Perturbations in SSA},
	author = {V. Nekrutkin},
	year = {2008},
	note = {Manuscript}
}

@thesis{Vlas2008,
	author = {E. Власьева},
	title = {Исследование ошибок восстановления в методе <<{Г}усеница>> с помощью теории возмущений},
	type = {дипломная работа},
	school = {Санкт-Петербургский Государственный Университет},
	address = {Санкт-Петербург},
	year = {2008},
	language = {russian}
}

@Book{Golyandina.etal2018,
	title     = {Singular spectrum analysis with {R}},
	publisher = {Springer-Verlag Berlin Heidelberg},
	year      = {2018},
	author    = {N. Golyandina and A. Korobeynikov and A. Zhigljavsky},
}

@article{Golyandina.etal2013,
	author = {N. Golyandina and A. Korobeynikov and A. Shlemov and K. Usevich},
	year = {2015},
	pages = {1-78},
	title = {Multivariate and {2D} extensions of singular spectrum analysis with the {R}ssa package},
	volume = {67(2)},
	journal = {Journal of Statistical Software}
}

@article{Golyandina.etal2001,
	author = {N. Golyandina and V. Nekrutkin and A. Zhigljavsky},
	year = {2011},
	pages = {1-78},
	title = {Analysis of Time Series Structure: {SSA} and Related Techniques},
	journal = {Chapman\&Hall/CRC}
}

@Conference{Golyandina.Stepanov2005,
  author    = {Д. Степанов and Н. Голяндина.},
  booktitle = {Труды IV Международной конференции <<Идентификация систем и задачи управления>> { SICPRO'05}},
  title     = {Варианты метода {<<Гусеница>>-SSA} для прогноза многомерных временных рядов.},
  language  = {russian},
  pages     = {1831-1848},
  address   = {Москва},
  year      = {2005},
}

@Book{Kato,
	title     = {Perturbation theory for linear operators},
	publisher = {Springer-Verlag},
	year      = {1966},
	author    = {T. Kato}
}

@misc{Korobeynikov.etal2014,
	title        = {Rssa: A collection of methods for singular spectrum analysis},
	author       = {A. Korobeynikov and A. Shlemov and K. Usevich, and N. Golyandina},
	howpublished = {\url{http://CRAN.R-project.org/package=Rssa}},
	year         = {2021},
	note         = {{R}~package version~1.04}
}

@article{Nekrutkin,
	author = {V. Nekrutkin},
	year = {2010},
	pages = {297-319},
	volume = {3},
	title = {Perturbation expansions of signal subspaces for long signals},
	journal = {Statistics and Its Interface}
}

@Thesis{Konstantinov,
  author   = {А. Константинов},
  title    = {Некоторые задачи анализа временных рядов (теория методов <<Signal Subspace>>)},
  type     = {курсовая работа},
  language = {russian},
  address  = {Санкт-Петербург},
  school   = {Санкт-Петербургский Государственный Университет},
  year     = {2018},
}

@TechReport{Trickett.etal2012,
  author    = {St. Trickett and L. Burroughs and A. Milton},
  title     = {Robust rank-reduction filtering for erratic noise},
  doi       = {10.1190/segam2012-0129.1},
  eprint    = {https://library.seg.org/doi/pdf/10.1190/segam2012-0129.1},
  pages     = {1-5},
  abstract  = {Rank-reduction filters operating on constant-frequency slices are highly effective at removing Gaussian random noise. Prestack seismic data, however, often contains spatially erratic noise which is far from Gaussian, sometimes causing these filters to give poor results. Here we describe new robust rank-reduction filters which can handle both Gaussian and erratic noise, and we present examples using synthetic and real data.},
  booktitle = {SEG Technical Program Expanded Abstracts 2012},
  year      = {2012},
}

@Article{Kalantari.etal2016,
  author  = {Kalantari, M. and Yarmohammadi, M. and Hassani, H.},
  title   = {Singular spectrum analysis aased on {L1}-norm},
  number  = {01},
  pages   = {1650009},
  volume  = {15},
  journal = {Fluctuation and Noise Letters},
  year    = {2016},
}

@Article{BlazquezGarcia2022,
  author       = {A. Bl{\'{a}}zquez-Garc{\'{\i}}a and A. Conde and U. Mori and J. A. Lozano},
  date         = {2022-04},
  journaltitle = {{ACM} Computing Surveys},
  title        = {A Review on Outlier/Anomaly Detection in Time Series Data},
  doi          = {10.1145/3444690},
  number       = {3},
  pages        = {1--33},
  volume       = {54},
  publisher    = {Association for Computing Machinery ({ACM})},
}

@misc{Senov2022,
	author       = {M. Senov},
	title        = {Robust versions of the {SSA} method},
	month        = may,
	year         = 2022,
	publisher    = {Zenodo},
	doi          = {10.5281/zenodo.6563614},
	url          = {https://doi.org/10.5281/zenodo.6563614}
}

@article{Korobeynikov2010,
	author = {A. Korobeynikov},
	year = {2010},
	pages = {357-368},
	title = {Computation- and space-efficient implementation of {SSA}},
	volume = {3(3)},
	journal = {Stat Interface}
}

@article{ClevDev1988,
	author = {W. Cleveland and S. Devlin},
	year = {1988},
	pages = {596-610},
	title = {Locally-weighted regression: an approach to regression analysis by local fitting},
	volume = {83(403)},
	journal = {Journal of the American Statistical Association}
}

@article{Cleveland1979,
	author = {W. Cleveland and S. Devlin},
	year = {1979},
	pages = {829-836},
	title = {Locally Weighted Regression and Smoothing Scatterplots},
	volume = {74(368)},
	journal = {Journal of the American Statistical Association}
}

@Comment{jabref-meta: databaseType:biblatex;}
